
@article{coleman_political_2008,
	title = {Political blogs and representative democracy},
	volume = {13},
	issn = {18758754, 15701255},
	url = {https://www.medra.org/servlet/aliasResolver?alias=iospress&doi=10.3233/IP-2008-0140},
	doi = {10.3233/IP-2008-0140},
	pages = {1--6},
	number = {1},
	journaltitle = {Information Polity},
	shortjournal = {{IP}},
	author = {Coleman, Stephen and Wright, Scott},
	urldate = {2024-02-19},
	date = {2008-04-24},
}

@article{guner_political_2009,
	title = {Political blogs, representation and the public sphere},
	volume = {61},
	issn = {0001-253X},
	url = {https://www.emerald.com/insight/content/doi/10.1108/00012530910946901/full/html},
	doi = {10.1108/00012530910946901},
	pages = {155--169},
	number = {2},
	journaltitle = {Aslib Proceedings},
	shortjournal = {{AP}},
	author = {Wright, Scott},
	editor = {Guner, Barrie},
	urldate = {2024-02-19},
	date = {2009-03-20},
	langid = {english},
}

@article{wallsten_political_2008,
	title = {Political Blogs: Transmission Belts, Soapboxes, Mobilizers, or Conversation Starters?},
	volume = {4},
	issn = {1933-1681, 1933-169X},
	url = {http://www.tandfonline.com/doi/abs/10.1080/19331680801915033},
	doi = {10.1080/19331680801915033},
	shorttitle = {Political Blogs},
	pages = {19--40},
	number = {3},
	journaltitle = {Journal of Information Technology \& Politics},
	shortjournal = {Journal of Information Technology \& Politics},
	author = {Wallsten, Kevin},
	urldate = {2024-02-19},
	date = {2008-04-28},
	langid = {english},
}

@article{wallsten_agenda_2007,
	title = {Agenda Setting and the Blogosphere: An Analysis of the Relationship between Mainstream Media and Political Blogs},
	volume = {24},
	issn = {1541-132X, 1541-1338},
	url = {https://onlinelibrary.wiley.com/doi/10.1111/j.1541-1338.2007.00300.x},
	doi = {10.1111/j.1541-1338.2007.00300.x},
	shorttitle = {Agenda Setting and the Blogosphere},
	pages = {567--587},
	number = {6},
	journaltitle = {Review of Policy Research},
	shortjournal = {Review of Policy Research},
	author = {Wallsten, Kevin},
	urldate = {2024-02-19},
	date = {2007-11},
	langid = {english},
}

@report{akinnubi_deliberative_2023,
	title = {Deliberative Democracy, Perspective from Indo-Pacific Blogosphere: A Survey},
	url = {http://arxiv.org/abs/2304.04126},
	shorttitle = {Deliberative Democracy, Perspective from Indo-Pacific Blogosphere},
	author = {Akinnubi, Abiola and Agarwal, Nitin},
	urldate = {2024-02-19},
	date = {2023-04-05},
	doi = {10.31219/osf.io/8nj7y},
	eprinttype = {arxiv},
	eprint = {2304.04126 [cs]},
	keywords = {Computer Science - Social and Information Networks},
}

@article{peng_role_2023,
	title = {On The Role of Community Structure in Evolution of Opinion Formation: A New Bounded Confidence Opinion Dynamics},
	volume = {621},
	issn = {00200255},
	url = {https://linkinghub.elsevier.com/retrieve/pii/S0020025522013913},
	doi = {10.1016/j.ins.2022.11.101},
	shorttitle = {On The Role of Community Structure in Evolution of Opinion Formation},
	pages = {672--690},
	journaltitle = {Information Sciences},
	shortjournal = {Information Sciences},
	author = {Peng, Yuan and Zhao, Yiyi and Hu, Jiangping},
	urldate = {2024-02-19},
	date = {2023-04},
	langid = {english},
}

@incollection{demasi_analysing_2020,
	location = {Cham},
	title = {Analysing Multimodal Communication and Persuasion in Populist Radical Right Political Blogs},
	isbn = {978-3-030-60222-2 978-3-030-60223-9},
	url = {http://link.springer.com/10.1007/978-3-030-60223-9_7},
	pages = {175--203},
	booktitle = {Political Communication},
	publisher = {Springer International Publishing},
	author = {Pettersson, Katarina and Sakki, Inari},
	editor = {Demasi, Mirko A. and Burke, Shani and TileagÄƒ, Cristian},
	urldate = {2024-02-19},
	date = {2020},
	langid = {english},
	doi = {10.1007/978-3-030-60223-9_7},
}

@inproceedings{balakhonskaya_communicative_2020,
	location = {St. Petersburg, Russia},
	title = {Communicative Strategy of Discrediting Opponents in the Russian Political Blogosphere},
	isbn = {978-1-72816-441-0},
	url = {https://ieeexplore.ieee.org/document/9101281/},
	doi = {10.1109/ComSDS49898.2020.9101281},
	eventtitle = {2020 {IEEE} Communication Strategies in Digital Society Seminar ({ComSDS})},
	pages = {27--33},
	booktitle = {2020 {IEEE} Communication Strategies in Digital Society Seminar ({ComSDS})},
	publisher = {{IEEE}},
	author = {Balakhonskaya, Liudmila V. and Strelchenko, Vasiliy I. and Balakhonsky, Vitaly V. and Sadretdinova, Tatyana A. and Beresneva, Iuliia V.},
	urldate = {2024-02-19},
	date = {2020-04},
}